{
  "leader": "05144cam a2200517Ia 4500",
  "fields": [
    {
      "001": "ocn499491845"
    },
    {
      "003": "OCoLC"
    },
    {
      "005": "20221205165711.0"
    },
    {
      "008": "100505s2010\\\\\\\\caua\\\\\\\\\\b\\\\\\\\001\\0\\eng\\d"
    },
    {
      "010": {
        "ind1": "\\",
        "ind2": "\\",
        "subfields": [
          {
            "a": "  2010279177"
          }
        ]
      }
    },
    {
      "040": {
        "ind1": "\\",
        "ind2": "\\",
        "subfields": [
          {
            "a": "NLE"
          },
          {
            "b": "eng"
          },
          {
            "c": "DLC"
          },
          {
            "d": "NLE"
          },
          {
            "d": "BWX"
          },
          {
            "d": "IJC"
          },
          {
            "d": "UKM"
          },
          {
            "d": "YDXCP"
          },
          {
            "d": "ZQP"
          },
          {
            "d": "C#P"
          },
          {
            "d": "OJ4"
          },
          {
            "d": "VLB"
          },
          {
            "d": "VP@"
          },
          {
            "d": "BTCTA"
          },
          {
            "d": "UKMGB"
          },
          {
            "d": "EINCP"
          },
          {
            "d": "CHVBK"
          },
          {
            "d": "DEBBG"
          },
          {
            "d": "SGB"
          },
          {
            "d": "LML"
          },
          {
            "d": "CDX"
          },
          {
            "d": "AGL"
          },
          {
            "d": "TUU"
          },
          {
            "d": "BDX"
          },
          {
            "d": "OSO"
          },
          {
            "d": "LMR"
          },
          {
            "d": "BEDGE"
          },
          {
            "d": "P4I"
          },
          {
            "d": "EEK"
          },
          {
            "d": "ZAD"
          },
          {
            "d": "XC{dollar}"
          },
          {
            "d": "OVY"
          },
          {
            "d": "ZWZ"
          },
          {
            "d": "OHS"
          },
          {
            "d": "IEB"
          },
          {
            "d": "OCLCO"
          },
          {
            "d": "IPL"
          },
          {
            "d": "OCLCO"
          },
          {
            "d": "OCLCQ"
          },
          {
            "d": "CSO"
          },
          {
            "d": "OCLCO"
          },
          {
            "d": "IOD"
          },
          {
            "d": "UIU"
          },
          {
            "d": "CVM"
          },
          {
            "d": "OCLCO"
          },
          {
            "d": "SFR"
          },
          {
            "d": "OCLCO"
          },
          {
            "d": "DHA"
          },
          {
            "d": "OCLCA"
          },
          {
            "d": "CSAIL"
          },
          {
            "d": "OCLCO"
          },
          {
            "d": "VTU"
          },
          {
            "d": "OCLCO"
          },
          {
            "d": "OCLCQ"
          },
          {
            "d": "GILDS"
          },
          {
            "d": "OCLCO"
          },
          {
            "d": "BTS"
          },
          {
            "d": "OCLCO"
          },
          {
            "d": "OCLCQ"
          },
          {
            "d": "CTU"
          },
          {
            "d": "OCLCQ"
          },
          {
            "d": "CNO"
          },
          {
            "d": "OCLCO"
          },
          {
            "d": "OCLCF"
          },
          {
            "d": "OCLCO"
          },
          {
            "d": "MRU"
          },
          {
            "d": "OCLCQ"
          },
          {
            "d": "CPS"
          },
          {
            "d": "WFB"
          },
          {
            "d": "OCLCO"
          },
          {
            "d": "AU@"
          },
          {
            "d": "W8A"
          },
          {
            "d": "OCLCO"
          },
          {
            "d": "HTM"
          },
          {
            "d": "OCLCO"
          },
          {
            "d": "OCLCQ"
          },
          {
            "d": "OCLCO"
          },
          {
            "d": "NZWGA"
          },
          {
            "d": "OCLCA"
          },
          {
            "d": "UY0"
          },
          {
            "d": "OCLCO"
          }
        ]
      }
    },
    {
      "016": {
        "ind1": "7",
        "ind2": "\\",
        "subfields": [
          {
            "a": "015371065"
          },
          {
            "2": "Uk"
          }
        ]
      }
    },
    {
      "019": {
        "ind1": "\\",
        "ind2": "\\",
        "subfields": [
          {
            "a": "426809972"
          },
          {
            "a": "437082708"
          },
          {
            "a": "524629537"
          },
          {
            "a": "1280175384"
          }
        ]
      }
    },
    {
      "020": {
        "ind1": "\\",
        "ind2": "\\",
        "subfields": [
          {
            "a": "9780321657299"
          },
          {
            "q": "(pbk.)"
          }
        ]
      }
    },
    {
      "020": {
        "ind1": "\\",
        "ind2": "\\",
        "subfields": [
          {
            "a": "0321657292"
          },
          {
            "q": "(pbk.)"
          }
        ]
      }
    },
    {
      "035": {
        "ind1": "\\",
        "ind2": "\\",
        "subfields": [
          {
            "a": "(OCoLC)499491845"
          },
          {
            "z": "(OCoLC)426809972"
          },
          {
            "z": "(OCoLC)437082708"
          },
          {
            "z": "(OCoLC)524629537"
          },
          {
            "z": "(OCoLC)1280175384"
          }
        ]
      }
    },
    {
      "037": {
        "ind1": "\\",
        "ind2": "\\",
        "subfields": [
          {
            "b": "Macmillan Computer Pub, C/O Pearson Education Order Dept 135 S Mount Zion rd, Lebanon, IN, USA, 46052, (201)7846103"
          },
          {
            "n": "SAN 200-2175"
          }
        ]
      }
    },
    {
      "042": {
        "ind1": "\\",
        "ind2": "\\",
        "subfields": [
          {
            "a": "lccopycat"
          }
        ]
      }
    },
    {
      "050": {
        "ind1": "0",
        "ind2": "0",
        "subfields": [
          {
            "a": "TK5105.888"
          },
          {
            "b": ".K785 2010"
          }
        ]
      }
    },
    {
      "070": {
        "ind1": "0",
        "ind2": "\\",
        "subfields": [
          {
            "a": "TK5105.888"
          },
          {
            "b": ".K79 2010"
          }
        ]
      }
    },
    {
      "082": {
        "ind1": "0",
        "ind2": "4",
        "subfields": [
          {
            "a": "006.7"
          },
          {
            "b": "KRU"
          }
        ]
      }
    },
    {
      "100": {
        "ind1": "1",
        "ind2": "\\",
        "subfields": [
          {
            "a": "Krug, Steve."
          }
        ]
      }
    },
    {
      "245": {
        "ind1": "1",
        "ind2": "0",
        "subfields": [
          {
            "a": "Rocket surgery made easy :"
          },
          {
            "b": "the do-it-yourself guide to finding and fixing usability problems /"
          },
          {
            "c": "Steve Krug."
          }
        ]
      }
    },
    {
      "246": {
        "ind1": "3",
        "ind2": "0",
        "subfields": [
          {
            "a": "Do-it-yourself guide to finding and fixing usability problems"
          }
        ]
      }
    },
    {
      "260": {
        "ind1": "\\",
        "ind2": "\\",
        "subfields": [
          {
            "a": "Berkeley, CA :"
          },
          {
            "b": "New Riders,"
          },
          {
            "c": "\u00a92010."
          }
        ]
      }
    },
    {
      "300": {
        "ind1": "\\",
        "ind2": "\\",
        "subfields": [
          {
            "a": "v, 161 pages :"
          },
          {
            "b": "illustrations (some color) ;"
          },
          {
            "c": "23 cm"
          }
        ]
      }
    },
    {
      "336": {
        "ind1": "\\",
        "ind2": "\\",
        "subfields": [
          {
            "a": "text"
          },
          {
            "b": "txt"
          },
          {
            "2": "rdacontent"
          }
        ]
      }
    },
    {
      "337": {
        "ind1": "\\",
        "ind2": "\\",
        "subfields": [
          {
            "a": "unmediated"
          },
          {
            "b": "n"
          },
          {
            "2": "rdamedia"
          }
        ]
      }
    },
    {
      "338": {
        "ind1": "\\",
        "ind2": "\\",
        "subfields": [
          {
            "a": "volume"
          },
          {
            "b": "nc"
          },
          {
            "2": "rdacarrier"
          }
        ]
      }
    },
    {
      "490": {
        "ind1": "1",
        "ind2": "\\",
        "subfields": [
          {
            "a": "Voices that matter"
          }
        ]
      }
    },
    {
      "500": {
        "ind1": "\\",
        "ind2": "\\",
        "subfields": [
          {
            "a": "Mark Matcho, illustration--T.p. verso."
          }
        ]
      }
    },
    {
      "504": {
        "ind1": "\\",
        "ind2": "\\",
        "subfields": [
          {
            "a": "Includes bibliographical references (pages 141-143) and index."
          }
        ]
      }
    },
    {
      "505": {
        "ind1": "0",
        "ind2": "\\",
        "subfields": [
          {
            "a": "Opening Remarks: Call me Ishmael : how this book came to be, some disclaimers, and a bit of housekeeping -- Finding Usability Problems. You don't see any elephants around here, do you? : What do-it-yourself usability testing is, why it always works, and why so little of it gets done -- I will now saw my [lovely] assistant in half : what a do-it-yourself test looks like -- A morning a month, that's all we ask : a plan you can actually follow -- What do you test, and when do you test it? : Why the hardest part is starting early enough -- Recruit loosely and grade on a curve : who to test with and how to find them -- Find some things for them to do : Picking tasks to test and writing scenarios for them -- Some boring checklists : and why you should use them even if, like me, you don't really like checklists -- Mind reading made easy : conducting the test session -- Make it a spectator sport : getting everyone to watch and telling them what to look for -- Fixing Usability Problems. Debriefing 101 : comparing notes and deciding what to fix -- The least you can do : why doing less is often the best way to fix things -- The usual suspects : some problems you're likely to find and how to think about fixing them -- Making sure life actually improves : the art of playing nicely with others -- The Road Ahead. Teleportation made easy : remote testing: fast, cheap, and slightly out of control -- Overachievers only : Recommended reading -- Happy trails/to you : A few final words of encouragement -- Sample test script and consent form."
          }
        ]
      }
    },
    {
      "505": {
        "ind1": "0",
        "ind2": "\\",
        "subfields": [
          {
            "a": "1. You don't see any elephants around here, do you? -- 2. I will now saw my [lovely] assistant in half -- 3. A morning a month, that's all we ask --4. What do you test, and when do you test it? -- 5. Recruit loosely and grade on a curve -- 6. Find some things for them to do -- 7. Some boring checklists --8. Mind reading made easy --9. Make it a spectator sport --10. Debriefing 101 -- 11. The lest you can do -- 12. The usual suspects -- 13. Making sure life actually improves --14. Teleportation made easy -- 15. Overachievers only -- 16. Happy trails/to you -- Sample test script and consent form -- Acknowledgements -- Index."
          }
        ]
      }
    },
    {
      "520": {
        "ind1": "\\",
        "ind2": "\\",
        "subfields": [
          {
            "a": "\"It's been known for years that usability testing can dramatically improve products. But with a typical price tag of {dollar}5,000 to {dollar}10,000 for a usability consultant to conduct each round of tests, it rarely happens. In this how-to companion to Don't Make Me Think: A Common Sense Approach to Web Usability, Steve Krug spells out a streamlined approach to usability testing that anyone can easily apply to their own Web site, application, or other product\"--Publisher's website."
          }
        ]
      }
    },
    {
      "508": {
        "ind1": "\\",
        "ind2": "\\",
        "subfields": [
          {
            "a": "Mark Matcho, illustration."
          }
        ]
      }
    },
    {
      "650": {
        "ind1": "\\",
        "ind2": "0",
        "subfields": [
          {
            "a": "Web sites"
          },
          {
            "x": "Design."
          }
        ]
      }
    },
    {
      "650": {
        "ind1": "\\",
        "ind2": "0",
        "subfields": [
          {
            "a": "Web-based user interfaces"
          },
          {
            "x": "Evaluation."
          }
        ]
      }
    },
    {
      "650": {
        "ind1": "1",
        "ind2": "2",
        "subfields": [
          {
            "a": "User-Computer Interface"
          }
        ]
      }
    },
    {
      "650": {
        "ind1": "\\",
        "ind2": "7",
        "subfields": [
          {
            "a": "Web sites"
          },
          {
            "x": "Design."
          },
          {
            "2": "fast"
          },
          {
            "0": "(OCoLC)fst01173252"
          }
        ]
      }
    },
    {
      "700": {
        "ind1": "1",
        "ind2": "\\",
        "subfields": [
          {
            "a": "Matcho, Mark."
          }
        ]
      }
    },
    {
      "830": {
        "ind1": "\\",
        "ind2": "0",
        "subfields": [
          {
            "a": "Voices that matter."
          }
        ]
      }
    },
    {
      "856": {
        "ind1": "4",
        "ind2": "1",
        "subfields": [
          {
            "3": "Table of contents"
          },
          {
            "u": "http://bvbr.bib-bvb.de:8991/F?func=service&doc_library=BVB01&doc_number=018856559&line_number=0001&func_code=DB_RECORDS&service_type=MEDIA"
          }
        ]
      }
    },
    {
      "994": {
        "ind1": "\\",
        "ind2": "\\",
        "subfields": [
          {
            "a": "Z0"
          },
          {
            "b": "NYRVC"
          }
        ]
      }
    },
    {
      "948": {
        "ind1": "\\",
        "ind2": "\\",
        "subfields": [
          {
            "h": "NO HOLDINGS IN NYRVC - 704 OTHER HOLDINGS"
          }
        ]
      }
    },
    {
      "999": {
        "ind1": "\\",
        "ind2": "\\",
        "subfields": [
          {
            "a": "00000000018774"
          }
        ]
      }
    }
  ]
}